@ARTICLE{2012MNRAS.426..440B,
   author = {{Bos}, E.~G.~P. and {van de Weygaert}, R. and {Dolag}, K. and 
	{Pettorino}, V.},
    title = "{The darkness that shaped the void: dark energy and cosmic voids}",
  journal = {\mnras},
archivePrefix = "arXiv",
   eprint = {1205.4238},
 primaryClass = "astro-ph.CO",
 keywords = {methods: data analysis, methods: numerical, cosmology: theory, dark energy, large-scale structure of Universe },
     year = 2012,
    month = oct,
   volume = 426,
    pages = {440-461},
      doi = {10.1111/j.1365-2966.2012.21478.x},
   adsurl = {http://adsabs.harvard.edu/abs/2012MNRAS.426..440B},
  adsnote = {Provided by the SAO/NASA Astrophysics Data System}
}

@ARTICLE{2009ApJ...696L..10L,
   author = {{Lee}, J. and {Park}, D.},
    title = "{Constraining the Dark Energy Equation of State with Cosmic Voids}",
  journal = {\apjl},
archivePrefix = "arXiv",
   eprint = {0704.0881},
 keywords = {cosmology: theory, large-scale structure of universe},
     year = 2009,
    month = may,
   volume = 696,
    pages = {L10-L12},
      doi = {10.1088/0004-637X/696/1/L10},
   adsurl = {http://adsabs.harvard.edu/abs/2009ApJ...696L..10L},
  adsnote = {Provided by the SAO/NASA Astrophysics Data System}
}

@ARTICLE{2014ApJ...796..137L,
   author = {{Li}, X.-D. and {Park}, C. and {Forero-Romero}, J.~E. and {Kim}, J.
	},
    title = "{Cosmological Constraints from the Redshift Dependence of the Alcock-Paczynski Test: Galaxy Density Gradient Field}",
  journal = {\apj},
archivePrefix = "arXiv",
   eprint = {1412.3564},
 keywords = {cosmological parameters, dark energy, large-scale structure of universe },
     year = 2014,
    month = dec,
   volume = 796,
      eid = {137},
    pages = {137},
      doi = {10.1088/0004-637X/796/2/137},
   adsurl = {http://adsabs.harvard.edu/abs/2014ApJ...796..137L},
  adsnote = {Provided by the SAO/NASA Astrophysics Data System}
}

@ARTICLE{2011MNRAS.414..350S,
   author = {{Sousbie}, T.},
    title = "{The persistent cosmic web and its filamentary structure - I. Theory and implementation}",
  journal = {\mnras},
archivePrefix = "arXiv",
   eprint = {1009.4015},
 keywords = {methods: data analysis, methods: numerical, galaxies: formation, galaxies: kinematics and dynamics, cosmology: observations, large-scale structure of Universe},
     year = 2011,
    month = jun,
   volume = 414,
    pages = {350-383},
      doi = {10.1111/j.1365-2966.2011.18394.x},
   adsurl = {http://adsabs.harvard.edu/abs/2011MNRAS.414..350S},
  adsnote = {Provided by the SAO/NASA Astrophysics Data System}
}

@ARTICLE{1985MNRAS.216...17B,
   author = {{Barrow}, J.~D. and {Bhavsar}, S.~P. and {Sonoda}, D.~H.},
    title = "{Minimal spanning trees, filaments and galaxy clustering}",
  journal = {\mnras},
 keywords = {Computational Astrophysics, Galactic Clusters, Graph Theory, Filaments, Pattern Recognition, Random Sampling, Statistical Distributions},
     year = 1985,
    month = sep,
   volume = 216,
    pages = {17-35},
      doi = {10.1093/mnras/216.1.17},
   adsurl = {http://adsabs.harvard.edu/abs/1985MNRAS.216...17B},
  adsnote = {Provided by the SAO/NASA Astrophysics Data System}
}

@article{amenta1998crust,
  title={The crust and the $\beta$-skeleton: Combinatorial curve reconstruction},
  author={Amenta, Nina and Bern, Marshall and Eppstein, David},
  journal={Graphical models and image processing},
  volume={60},
  number={2},
  pages={125--135},
  year={1998},
  publisher={Elsevier}
}
@inproceedings{zhang2002locating,
  title={Locating support vectors via/spl beta/-skeleton technique},
  author={Zhang, Wan and King, Irwin},
  booktitle={Neural Information Processing, 2002. ICONIP'02. Proceedings of the 9th International Conference on},
  volume={3},
  pages={1423--1427},
  year={2002},
  organization={IEEE}
}
@article{edelsbrunner1983shape,
  title={On the shape of a set of points in the plane},
  author={Edelsbrunner, Herbert and Kirkpatrick, David and Seidel, Raimund},
  journal={IEEE Transactions on information theory},
  volume={29},
  number={4},
  pages={551--559},
  year={1983},
  publisher={IEEE}
}
@INPROCEEDINGS{2016IAUS..308..493V,
   author = {{van de Weygaert}, R.},
    title = "{Voids and the Cosmic Web: cosmic depression {\amp} spatial complexity}",
 keywords = {Cosmology, large-scale structure, voids, dark energy, modified gravity,},
booktitle = {The Zeldovich Universe: Genesis and Growth of the Cosmic Web},
     year = 2016,
   series = {IAU Symposium},
   volume = 308,
archivePrefix = "arXiv",
   eprint = {1611.01222},
   editor = {{van de Weygaert}, R. and {Shandarin}, S. and {Saar}, E. and 
	{Einasto}, J.},
    month = oct,
    pages = {493-523},
      doi = {10.1017/S1743921316010504},
   adsurl = {http://adsabs.harvard.edu/abs/2016IAUS..308..493V},
  adsnote = {Provided by the SAO/NASA Astrophysics Data System}
}

@ARTICLE{2018MNRAS.473.1195L,
   author = {{Libeskind}, N.~I. and {van de Weygaert}, R. and {Cautun}, M. and 
	{Falck}, B. and {Tempel}, E. and {Abel}, T. and {Alpaslan}, M. and 
	{Arag{\'o}n-Calvo}, M.~A. and {Forero-Romero}, J.~E. and {Gonzalez}, R. and 
	{Gottl{\"o}ber}, S. and {Hahn}, O. and {Hellwing}, W.~A. and 
	{Hoffman}, Y. and {Jones}, B.~J.~T. and {Kitaura}, F. and {Knebe}, A. and 
	{Manti}, S. and {Neyrinck}, M. and {Nuza}, S.~E. and {Padilla}, N. and 
	{Platen}, E. and {Ramachandra}, N. and {Robotham}, A. and {Saar}, E. and 
	{Shandarin}, S. and {Steinmetz}, M. and {Stoica}, R.~S. and 
	{Sousbie}, T. and {Yepes}, G.},
    title = "{Tracing the cosmic web}",
  journal = {\mnras},
archivePrefix = "arXiv",
   eprint = {1705.03021},
 keywords = {methods: data analysis, dark matter, large-scale structure of the Universe, cosmology: theory},
     year = 2018,
    month = jan,
   volume = 473,
    pages = {1195-1217},
      doi = {10.1093/mnras/stx1976},
   adsurl = {http://adsabs.harvard.edu/abs/2018MNRAS.473.1195L},
  adsnote = {Provided by the SAO/NASA Astrophysics Data System}
}

@ARTICLE{2014A&A...566A.108G,
   author = {{Guzzo}, L. and {Scodeggio}, M. and {Garilli}, B. and {Granett}, B.~R. and 
	{Fritz}, A. and {Abbas}, U. and {Adami}, C. and {Arnouts}, S. and 
	{Bel}, J. and {Bolzonella}, M. and {Bottini}, D. and {Branchini}, E. and 
	{Cappi}, A. and {Coupon}, J. and {Cucciati}, O. and {Davidzon}, I. and 
	{De Lucia}, G. and {de la Torre}, S. and {Franzetti}, P. and 
	{Fumana}, M. and {Hudelot}, P. and {Ilbert}, O. and {Iovino}, A. and 
	{Krywult}, J. and {Le Brun}, V. and {Le F{\`e}vre}, O. and {Maccagni}, D. and 
	{Ma{\l}ek}, K. and {Marulli}, F. and {McCracken}, H.~J. and 
	{Paioro}, L. and {Peacock}, J.~A. and {Polletta}, M. and {Pollo}, A. and 
	{Schlagenhaufer}, H. and {Tasca}, L.~A.~M. and {Tojeiro}, R. and 
	{Vergani}, D. and {Zamorani}, G. and {Zanichelli}, A. and {Burden}, A. and 
	{Di Porto}, C. and {Marchetti}, A. and {Marinoni}, C. and {Mellier}, Y. and 
	{Moscardini}, L. and {Nichol}, R.~C. and {Percival}, W.~J. and 
	{Phleps}, S. and {Wolk}, M.},
    title = "{The VIMOS Public Extragalactic Redshift Survey (VIPERS). An unprecedented view of galaxies and large-scale structure at 0.5 $\lt$ z $\lt$ 1.2}",
  journal = {\aap},
archivePrefix = "arXiv",
   eprint = {1303.2623},
 keywords = {cosmology: observations, large-scale structure of Universe, galaxies: distances and redshifts, galaxies: statistics},
     year = 2014,
    month = jun,
   volume = 566,
      eid = {A108},
    pages = {A108},
      doi = {10.1051/0004-6361/201321489},
   adsurl = {http://adsabs.harvard.edu/abs/2014A%26A...566A.108G},
  adsnote = {Provided by the SAO/NASA Astrophysics Data System}
}

@ARTICLE{2004ApJ...606..702T,
   author = {{Tegmark}, M. and {Blanton}, M.~R. and {Strauss}, M.~A. and 
	{Hoyle}, F. and {Schlegel}, D. and {Scoccimarro}, R. and {Vogeley}, M.~S. and 
	{Weinberg}, D.~H. and {Zehavi}, I. and {Berlind}, A. and {Budavari}, T. and 
	{Connolly}, A. and {Eisenstein}, D.~J. and {Finkbeiner}, D. and 
	{Frieman}, J.~A. and {Gunn}, J.~E. and {Hamilton}, A.~J.~S. and 
	{Hui}, L. and {Jain}, B. and {Johnston}, D. and {Kent}, S. and 
	{Lin}, H. and {Nakajima}, R. and {Nichol}, R.~C. and {Ostriker}, J.~P. and 
	{Pope}, A. and {Scranton}, R. and {Seljak}, U. and {Sheth}, R.~K. and 
	{Stebbins}, A. and {Szalay}, A.~S. and {Szapudi}, I. and {Verde}, L. and 
	{Xu}, Y. and {Annis}, J. and {Bahcall}, N.~A. and {Brinkmann}, J. and 
	{Burles}, S. and {Castander}, F.~J. and {Csabai}, I. and {Loveday}, J. and 
	{Doi}, M. and {Fukugita}, M. and {Gott}, III, J.~R. and {Hennessy}, G. and 
	{Hogg}, D.~W. and {Ivezi{\'c}}, {\v Z}. and {Knapp}, G.~R. and 
	{Lamb}, D.~Q. and {Lee}, B.~C. and {Lupton}, R.~H. and {McKay}, T.~A. and 
	{Kunszt}, P. and {Munn}, J.~A. and {O'Connell}, L. and {Peoples}, J. and 
	{Pier}, J.~R. and {Richmond}, M. and {Rockosi}, C. and {Schneider}, D.~P. and 
	{Stoughton}, C. and {Tucker}, D.~L. and {Vanden Berk}, D.~E. and 
	{Yanny}, B. and {York}, D.~G. and {SDSS Collaboration}},
    title = "{The Three-Dimensional Power Spectrum of Galaxies from the Sloan Digital Sky Survey}",
  journal = {\apj},
   eprint = {astro-ph/0310725},
 keywords = {Galaxies: Statistics, Cosmology: Large-Scale Structure of Universe, Methods: Data Analysis},
     year = 2004,
    month = may,
   volume = 606,
    pages = {702-740},
      doi = {10.1086/382125},
   adsurl = {http://adsabs.harvard.edu/abs/2004ApJ...606..702T},
  adsnote = {Provided by the SAO/NASA Astrophysics Data System}
}

@ARTICLE{2012ApJS..199...26H,
   author = {{Huchra}, J.~P. and {Macri}, L.~M. and {Masters}, K.~L. and 
	{Jarrett}, T.~H. and {Berlind}, P. and {Calkins}, M. and {Crook}, A.~C. and 
	{Cutri}, R. and {Erdo{\v g}du}, P. and {Falco}, E. and {George}, T. and 
	{Hutcheson}, C.~M. and {Lahav}, O. and {Mader}, J. and {Mink}, J.~D. and 
	{Martimbeau}, N. and {Schneider}, S. and {Skrutskie}, M. and 
	{Tokarz}, S. and {Westover}, M.},
    title = "{The 2MASS Redshift Survey{\mdash}Description and Data Release}",
  journal = {\apjs},
archivePrefix = "arXiv",
   eprint = {1108.0669},
 keywords = {catalogs, galaxies: distances and redshifts, surveys},
     year = 2012,
    month = apr,
   volume = 199,
      eid = {26},
    pages = {26},
      doi = {10.1088/0067-0049/199/2/26},
   adsurl = {http://adsabs.harvard.edu/abs/2012ApJS..199...26H},
  adsnote = {Provided by the SAO/NASA Astrophysics Data System}
}

@ARTICLE{1986ApJ...302L...1D,
   author = {{de Lapparent}, V. and {Geller}, M.~J. and {Huchra}, J.~P.},
    title = "{A slice of the universe}",
  journal = {\apjl},
 keywords = {Big Bang Cosmology, Galactic Evolution, Galactic Structure, Red Shift, Universe, Astronomical Models, Density Distribution},
     year = 1986,
    month = mar,
   volume = 302,
    pages = {L1-L5},
      doi = {10.1086/184625},
   adsurl = {http://adsabs.harvard.edu/abs/1986ApJ...302L...1D},
  adsnote = {Provided by the SAO/NASA Astrophysics Data System}
}

@ARTICLE{1986ApJ...304...15B,
   author = {{Bardeen}, J.~M. and {Bond}, J.~R. and {Kaiser}, N. and {Szalay}, A.~S.
	},
    title = "{The statistics of peaks of Gaussian random fields}",
  journal = {\apj},
 keywords = {Cosmology, Density Distribution, Galactic Clusters, Galactic Evolution, Random Processes, Statistical Analysis, Density (Number/Volume), Mass Distribution, Mass To Light Ratios, Maxima, Missing Mass (Astrophysics), Probability Distribution Functions, Red Shift, Statistical Correlation, Velocity Distribution},
     year = 1986,
    month = may,
   volume = 304,
    pages = {15-61},
      doi = {10.1086/164143},
   adsurl = {http://adsabs.harvard.edu/abs/1986ApJ...304...15B},
  adsnote = {Provided by the SAO/NASA Astrophysics Data System}
}

